@article{HBI+14,
  doi = {10.1038/sdata.2014.3},
  url = {http://dx.doi.org/10.1038/sdata.2014.3},
  year = {2014},
  month = {may},
  publisher = {Nature Publishing Group},
  volume = {1},
  author = {Michael Hanke and Florian J. Baumgartner and Pierre Ibe and Falko R. Kaule and Stefan Pollmann and Oliver Speck and Wolf Zinke and Jörg Stadler},
  title = {{A high-resolution 7-Tesla {fMRI} dataset from complex natural stimulation with an audio movie}},
  journal = {Scientific Data},
}


@incollection{CTK+2012,
  doi = {10.1007/978-3-642-34713-9_5},
  url = {http://dx.doi.org/10.1007/978-3-642-34713-9_5},
  year = {2012},
  publisher = {Springer Science and Business Media},
  pages = {34--41},
  author = {Michael Casey and Jessica Thompson and Olivia Kang and Rajeev Raizada and Thalia Wheatley},
  title = {{Population Codes Representing Musical Timbre for High-Level {fMRI} Categorization of Music Genres}},
  booktitle = {Machine Learning and Interpretation in Neuroimaging},
}


@article{AMM+2011,
  doi = {10.1016/j.neuroimage.2011.02.005},
  url = {http://dx.doi.org/10.1016/j.neuroimage.2011.02.005},
  year = {2011},
  month = {jun},
  publisher = {Elsevier {BV}},
  volume = {56},
  number = {3},
  pages = {1293--1300},
  author = {Geoffrey Karl Aguirre and Marcelo Gomes Mattar and Luc{\'{\i}}a Magis-Weinberg},
  title = {{de Bruijn cycles for neural decoding}},
  journal = {{NeuroImage}},
}

@article{Pie2007,
       title = "{PsychoPy}--{P}sychophysics software in {P}ython",
       author = "J.W. Peirce",
       publisher = "Elsevier",
       journal = "Journal of neuroscience methods",
       pages = "8--13",
       volume = "162",
       number = "1-2",
       year = "2007"
}

@article{HHS09b,
  title = {{PyMVPA: A Unifying Approach to the Analysis of Neuroscientific Data.}},
  date = {2009},
  source = {Front Neuroinform},
  authors = {Hanke, M and Halchenko, YO and Sederberg, PB and Olivetti, E and Fründ, I and Rieger, JW and Herrmann, CS and Haxby, JV and Hanson, SJ and Pollmann, S},
  author = {Hanke, M and Halchenko, YO and Sederberg, PB and Olivetti, E and Fründ, I and Rieger, JW and Herrmann, CS and Haxby, JV and Hanson, SJ and Pollmann, S},
  year = {2009},
  month = {},
  journal = {Front Neuroinform},
  volume = {3},
  number = {},
  pages = {3},
  pubmed_id = {19212459},
}

@article{SJW+2004,
  title = {{Advances in functional and structural MR image analysis and implementation as FSL.}},
  date = {2004},
  source = {Neuroimage},
  authors = {Smith, SM and Jenkinson, M and Woolrich, MW and Beckmann, CF and Behrens, TE and Johansen-Berg, H and Bannister, PR and De, Luca M and Drobnjak, I and Flitney, DE and Niazy, RK and Saunders, J and Vickers, J and Zhang, Y and De, Stefano N and Brady, JM and Matthews, PM},
  author = {Smith, SM and Jenkinson, M and Woolrich, MW and Beckmann, CF and Behrens, TE and Johansen-Berg, H and Bannister, PR and De, Luca M and Drobnjak, I and Flitney, DE and Niazy, RK and Saunders, J and Vickers, J and Zhang, Y and De, Stefano N and Brady, JM and Matthews, PM},
  year = {2004},
  month = {},
  journal = {Neuroimage},
  volume = {23 Suppl 1},
  number = {},
  pages = {S208-19},
  pubmed_id = {15501092},
}

@article{Per2008,
  title={Generating stimuli for neuroscience using PsychoPy},
  author={Peirce, Jonathan W},
  journal={Frontiers in neuroinformatics},
  volume={2},
  year={2008},
  publisher={Frontiers Research Foundation}
}

@article{ HH12,
	author = "Yaroslav O. Halchenko and Michael Hanke",
	issn = "1662-5196",
	journal = "Front.~Neuroinform.",
	number = 00022,
	title = "{Open is not enough. {L}et's take the next step: {A}n integrated, community-driven computing platform for neuroscience}",
	volume = 6,
	year = 2012,
}

