@article{Hanke_2014,
  doi = {10.1038/sdata.2014.3},
  url = {http://dx.doi.org/10.1038/sdata.2014.3},
  year = {2014},
  month = {may},
  publisher = {Nature Publishing Group},
  volume = {1},
  author = {Michael Hanke and Florian J. Baumgartner and Pierre Ibe and Falko R. Kaule and Stefan Pollmann and Oliver Speck and Wolf Zinke and JÃ¶rg Stadler},
  title = {{A high-resolution 7-Tesla {fMRI} dataset from complex natural stimulation with an audio movie}},
  journal = {Scientific Data},
}


@incollection{Casey_2012,
  doi = {10.1007/978-3-642-34713-9_5},
  url = {http://dx.doi.org/10.1007/978-3-642-34713-9_5},
  year = {2012},
  publisher = {Springer Science and Business Media},
  pages = {34--41},
  author = {Michael Casey and Jessica Thompson and Olivia Kang and Rajeev Raizada and Thalia Wheatley},
  title = {{Population Codes Representing Musical Timbre for High-Level {fMRI} Categorization of Music Genres}},
  booktitle = {Machine Learning and Interpretation in Neuroimaging},
}


@article{Aguirre_2011,
  doi = {10.1016/j.neuroimage.2011.02.005},
  url = {http://dx.doi.org/10.1016/j.neuroimage.2011.02.005},
  year = {2011},
  month = {jun},
  publisher = {Elsevier {BV}},
  volume = {56},
  number = {3},
  pages = {1293--1300},
  author = {Geoffrey Karl Aguirre and Marcelo Gomes Mattar and Luc{\'{\i}}a Magis-Weinberg},
  title = {{de Bruijn cycles for neural decoding}},
  journal = {{NeuroImage}},
}


@article{Pierce_2007,
	title = "{PsychoPy}--{P}sychophysics software in {P}ython",
	author = "J.W. Peirce",
	publisher = "Elsevier",
	journal = "Journal of neuroscience methods",
	pages = "8--13",
	volume = "162",
	number = "1-2",
	year = "2007"
}


@article{Halchenko_2012,
	author = "Yaroslav O. Halchenko and Michael Hanke",
	doi = "10.3389/fninf.2012.00022",
	issn = "1662-5196",
	journal = "Frontiers in Neuroinformatics",
	localfile = "HH12.pdf",
	number = 00022,
	title = "{Open is not enough. {L}et's take the next step: {A}n integrated, community-driven computing platform for neuroscience}",
	volume = 6,
	year = 2012,
	scholar-count = "1",
	scholar-id = "15057696649696809601",
    note = "PMC3458431",
}


}
